@web{NNG,
	 author = {Jakob Nielsen},
	 title = {10 Usability Heuristics for User Interface Design [Online] at (https://www.nngroup.com/articles/ten-usability-heuristics/) Accessed on 6 May 2016},
	 year = {1995},
	 url = {https://www.nngroup.com/articles/ten-usability-heuristics/},
}

@web{HeuristicEvaluation,
	 author = {Jakob Nielsen},
	 title = {How to Conduct a Heuristic Evaluation [Online] at (https://www.nngroup.com/articles/how-to-conduct-a-heuristic-evaluation/) Accessed on 7 May 2016},
	 year = {1995},
	 url = {https://www.nngroup.com/articles/how-to-conduct-a-heuristic-evaluation/},
}

@inproceedings{Pinelle,
 author = {Pinelle, David and Wong, Nelson and Stach, Tadeusz},
 title = {Heuristic Evaluation for Games: Usability Principles for Video Game Design},
 booktitle = {Proceedings of the SIGCHI Conference on Human Factors in Computing Systems},
 series = {CHI '08},
 year = {2008},
 isbn = {978-1-60558-011-1},
 location = {Florence, Italy},
 pages = {1453--1462},
 numpages = {10},
 url = {http://doi.acm.org/10.1145/1357054.1357282},
 doi = {10.1145/1357054.1357282},
 acmid = {1357282},
 publisher = {ACM},
 address = {New York, NY, USA},
} 
